<?xml version="1.0" encoding="UTF-8"?><record xmlns="http://www.loc.gov/MARC21/slim" xmlns:cinclude="http://apache.org/cocoon/include/1.0" xmlns:zs="http://www.loc.gov/zing/srw/">
  <leader>00433nz  a2200145n  4500</leader>
  <controlfield tag="001">nb2009016923</controlfield>
  <controlfield tag="003">DLC</controlfield>
  <controlfield tag="005">20090924075500.0</controlfield>
  <controlfield tag="008">090706n| acannaabn          |a aaa      </controlfield>
  <datafield tag="010" ind1=" " ind2=" ">
    <subfield code="a">nb2009016923</subfield>
  </datafield>
  <datafield tag="035" ind1=" " ind2=" ">
    <subfield code="a">(Uk)007499470</subfield>
  </datafield>
  <datafield tag="040" ind1=" " ind2=" ">
    <subfield code="a">Uk</subfield>
    <subfield code="b">eng</subfield>
    <subfield code="c">Uk</subfield>
  </datafield>
  <datafield tag="100" ind1="0" ind2=" ">
    <subfield code="a">Khaṅʻ Camʻʺ Camʻʺ Vaṅʻʹ</subfield>
  </datafield>
  <datafield tag="400" ind1="1" ind2=" ">
    <subfield code="a">Vaṅʻʹ, Khaṅʻ Camʻʺ Camʻʺ</subfield>
  </datafield>
  <datafield tag="670" ind1=" " ind2=" ">
    <subfield code="a">Dhāʺ maṅʻʺ sa mīʺ, 1975:</subfield>
    <subfield code="b">t.p. (Khaṅʻ Camʻʺ Camʻʺ Vaṅʻʹ)</subfield>
  </datafield>
</record>